<record><leader>00000cas a22000007a 4500</leader><controlfield tag="001">14642043</controlfield><controlfield tag="008">861106d19331950wiudn ne      0    0ger  </controlfield><datafield ind1=" " ind2=" " tag="010"><subfield code="a">sn 86072079 </subfield></datafield><datafield ind1=" " ind2=" " tag="040"><subfield code="a">DLC</subfield><subfield code="b">eng</subfield><subfield code="c">DLC</subfield><subfield code="d">NPV</subfield><subfield code="d">DLC</subfield><subfield code="d">NSD</subfield><subfield code="d">NVF</subfield><subfield code="d">OCLCQ</subfield><subfield code="d">OCLCO</subfield><subfield code="d">OCLCQ</subfield><subfield code="d">OCLCF</subfield><subfield code="d">OCLCO</subfield></datafield><datafield ind1="1" ind2=" " tag="029"><subfield code="a">AU@</subfield><subfield code="b">000025797904</subfield></datafield><datafield ind1=" " ind2=" " tag="042"><subfield code="a">msc</subfield></datafield><datafield ind1=" " ind2=" " tag="043"><subfield code="a">n-us---</subfield><subfield code="a">n-us-wi</subfield></datafield><datafield ind1="0" ind2="0" tag="050"><subfield code="a">Newspaper 7002</subfield></datafield><datafield ind1="0" ind2="0" tag="245"><subfield code="a">Milwaukee deutsche Zeitung.</subfield></datafield><datafield ind1=" " ind2=" " tag="260"><subfield code="a">Milwaukee, Wis. :</subfield><subfield code="b">Milwaukee German News Co.</subfield></datafield><datafield ind1=" " ind2=" " tag="300"><subfield code="a">v.</subfield></datafield><datafield ind1=" " ind2=" " tag="310"><subfield code="a">Daily (except Sunday)</subfield></datafield><datafield ind1="1" ind2=" " tag="362"><subfield code="a">Began with Jan. 24, 1933 issue; ceased in Mar. 1950.</subfield></datafield><datafield ind1="8" ind2=" " tag="521"><subfield code="a">"The only German language daily and Sunday paper in Wisconsin."</subfield></datafield><datafield ind1=" " ind2=" " tag="546"><subfield code="a">In German.</subfield></datafield><datafield ind1=" " ind2=" " tag="580"><subfield code="a">Merged with: Abendpost (Chicago, Ill. : Chicago ed.), to form: Abendpost und Milwaukee deutsche Zeitung (Chicago, Ill.).</subfield></datafield><datafield ind1=" " ind2=" " tag="580"><subfield code="a">Merged with: Sonntagpost (Chicago, Ill. : Chicago ed.), to form: Sonntagpost und Milwaukee deutsche Zeitung (Chicago, Ill.).</subfield></datafield><datafield ind1=" " ind2=" " tag="588"><subfield code="a">Description based on: Nr. 212 (17. Nov. 1933).</subfield></datafield><datafield ind1=" " ind2="0" tag="650"><subfield code="a">Germans</subfield><subfield code="z">United States</subfield><subfield code="v">Newspapers.</subfield></datafield><datafield ind1=" " ind2="0" tag="651"><subfield code="a">Milwaukee (Wis.)</subfield><subfield code="v">Newspapers.</subfield></datafield><datafield ind1=" " ind2="7" tag="655"><subfield code="a">Newspapers.</subfield><subfield code="2">fast</subfield><subfield code="0">(OCoLC)fst01423814</subfield></datafield><datafield ind1=" " ind2="7" tag="650"><subfield code="a">Germans.</subfield><subfield code="2">fast</subfield><subfield code="0">(OCoLC)fst00942100</subfield></datafield><datafield ind1=" " ind2="7" tag="651"><subfield code="a">United States.</subfield><subfield code="2">fast</subfield><subfield code="0">(OCoLC)fst01204155</subfield></datafield><datafield ind1=" " ind2="7" tag="651"><subfield code="a">Wisconsin</subfield><subfield code="z">Milwaukee.</subfield><subfield code="2">fast</subfield><subfield code="0">(OCoLC)fst01206626</subfield></datafield><datafield ind1=" " ind2=" " tag="752"><subfield code="a">United States</subfield><subfield code="b">Wisconsin</subfield><subfield code="c">Milwaukee</subfield><subfield code="d">Milwaukee.</subfield></datafield><datafield ind1="1" ind2="7" tag="785"><subfield code="t">Abendpost (Chicago, Ill. : Chicago ed.)</subfield><subfield code="w">(DLC)sn 83045771</subfield></datafield><datafield ind1="1" ind2="7" tag="785"><subfield code="t">Sonntagpost (Chicago, Ill. : Chicago ed.)</subfield><subfield code="w">(DLC)sn 83045783</subfield></datafield><datafield ind1="1" ind2="7" tag="785"><subfield code="t">Abendpost und Milwaukee deutsche Zeitung (Chicago, Ill.)</subfield><subfield code="x">0896-3762</subfield><subfield code="w">(DLC)sn 83045769</subfield></datafield><datafield ind1="1" ind2="7" tag="785"><subfield code="t">Sonntagpost und Milwaukee deutsche Zeitung (Chicago, Ill.)</subfield><subfield code="x">0896-3762</subfield><subfield code="w">(DLC)sn 83045785</subfield></datafield></record>